@online{MO267198,
    TITLE = {Regular functions on a product of varieties},
    AUTHOR = {Anonymous},
    HOWPUBLISHED = {MathOverflow},
    DATE = {2017-04-14},
    URL = {https://mathoverflow.net/q/267198},
    URLDATE = {2018-09-20},
    LABEL = {MO}
}

@unpublished{algebra1notes,
  title = {Notes for Algebra~I},
  author = {Jendrik Stelzner},
  date = {2018-08-07},
  version = {\texttt{2583c1e}},
  type = {Lecture Notes},
  url = {https://github.com/cionx/algebra-1-notes-ss-14},
  urldate = {2018-09-21},
  label = {AlgI}
}
